





@article{doi:10.1137/S0895480192235878,
author = {H\r{a}stad, Johan},
title = {On the Size of Weights for Threshold Gates},
journal = {SIAM Journal on Discrete Mathematics},
volume = {7},
number = {3},
pages = {484-492},
year = {1994},
doi = {10.1137/S0895480192235878},

URL = { 
    
        https://doi.org/10.1137/S0895480192235878
    
    

},
eprint = { 
    
        https://doi.org/10.1137/S0895480192235878
    
    

}
,
    abstract = { It is proved that if n is a power of 2, then there is a threshold function on n inputs that requires weights of size around \$2^{( n \log n )/2 - n} \$. This almost matches the known upper bounds. }
}


